@online{redhat,
    url = "https://www.redhat.com/en/topics/linux/what-is-the-linux-kernel",
    author = "RedHat",
    title = "What is the Linux kernel?",
    addendum = "(Accessed on 2020-02-25)",
    keywords = "linux, kernel"
}

@online{manjaro,
    url = "https://manjaro.org/",
	author = "Manjaro",
	title = "Manjaro official website",
	addendum = "(Accessed on 2020-02-25)",
    keywords = "manjaro"
}

@online{phoronix,
    url = "https://www.phoronix.com/scan.php?page=article&item=win10-debian101-intel&num=3",
    author = "Michael Larabel",
    title = "Windows 10 vs. Ubuntu 19.10 vs. Clear Linux vs. Debian 10.1 Benchmarks On An Intel Core i9",
    addendum = "(Accessed on 2020-02-28)",
    keywords = "performance, benchmarks"
}